<record><leader>00000cas a22000007a 4500</leader><controlfield tag="001">12745761</controlfield><controlfield tag="008">851101d19401950iauwr ne      0    0eng d</controlfield><datafield ind1=" " ind2=" " tag="010"><subfield code="a">sn 85049822 </subfield></datafield><datafield ind1=" " ind2=" " tag="040"><subfield code="a">INP</subfield><subfield code="b">eng</subfield><subfield code="c">INP</subfield><subfield code="d">OCLCQ</subfield></datafield><datafield ind1=" " ind2=" " tag="042"><subfield code="a">msc</subfield></datafield><datafield ind1="0" ind2=" " tag="130"><subfield code="a">Guthrie Center times (Guthrie Center, Iowa : 1940)</subfield></datafield><datafield ind1="1" ind2="4" tag="245"><subfield code="a">The Guthrie Center times.</subfield></datafield><datafield ind1=" " ind2=" " tag="260"><subfield code="a">Guthrie Center, Iowa :</subfield><subfield code="b">Wm. E. Brown,</subfield><subfield code="c">1940-1950.</subfield></datafield><datafield ind1=" " ind2=" " tag="300"><subfield code="a">13 v. :</subfield><subfield code="b">ill.</subfield></datafield><datafield ind1=" " ind2=" " tag="310"><subfield code="a">Weekly</subfield></datafield><datafield ind1="0" ind2=" " tag="362"><subfield code="a">Vol. 57, no. 48 (May 9, 1940)-v. 69, no. 41 (Apr. 13, 1950).</subfield></datafield><datafield ind1=" " ind2=" " tag="500"><subfield code="a">Publishers: Wm. E. Brown, May 9, 1940-May 8, 1941; Hall &amp; Gibson, May 15, 1941-June 5, 1941; Vern J. Hall, June 12, 1941-&lt;Dec. 29, 1949&gt;.</subfield></datafield><datafield ind1=" " ind2=" " tag="500"><subfield code="a">Original editor: Wm. E. Brown.</subfield></datafield><datafield ind1=" " ind2=" " tag="515"><subfield code="a">Issues for May 16-June 6, 1940 contain irregular numbering.</subfield></datafield><datafield ind1=" " ind2=" " tag="752"><subfield code="a">United States</subfield><subfield code="b">Iowa</subfield><subfield code="c">Guthrie</subfield><subfield code="d">Guthrie Center.</subfield></datafield><datafield ind1="0" ind2="0" tag="780"><subfield code="t">Times (Guthrie Center, Iowa)</subfield><subfield code="w">(DLC)sn 85049821</subfield></datafield><datafield ind1="0" ind2="0" tag="785"><subfield code="t">Guthrie County times (Guthrie Center, Iowa : 1950)</subfield><subfield code="w">(DLC)sn 85049823</subfield></datafield><datafield ind1="1" ind2=" " tag="029"><subfield code="a">AU@</subfield><subfield code="b">000025785367</subfield></datafield></record>